@article{blackholes,
  author = "Rabbert Klein",
  title = "Black Holes and Their Relation to Hiding Eggs",
  journal = "Theoretical Easter Physics",
  publisher = "Eggs Ltd.",
  year = "2010",
  note = "(to appear)"
}
@misc{CelesteV3,
  author = {Julia Computing, Inc.},
  title = {Parallel Supercomputing for Astronomy –Julia Computing},
  howpublished = "\url{https://juliacomputing.com/case-studies/celeste.html}",
  year = {2017}, 
  note = "[Online; accessed 22-May-2018]"
}
@misc{CelesteHeise,
  author = {Alexander Neumann @ heise.de},
  title = { Programmiersprache: Julia profiliert sich beim High Performance Computing | heise Developer},
  howpublished = "\url{https://www.heise.de/developer/meldung/Programmiersprache-Julia-profiliert-sich-beim-High-Performance-Computing-3518621.html}",
  year = {2016}, 
  note = "[Online; accessed 22-May-2018]"
}
@misc{CelesteCode,
  author = {Jeffrey Regier},
  title = { Celeste.jl},
  howpublished = "\url{https://github.com/jeff-regier/Celeste.jl}",
  year = {2018}, 
  note = "[Online; accessed 22-May-2018]"
}
@misc{CelesteVideo,
  author = {Prabhat, Regier und Fischer},
  title = {JuliaCon 2017 | Celeste.jl: Petascale Computing in Julia | Prabhat, Regier \& Fischer},
  howpublished = "\url{https://www.youtube.com/watch?v=uecdcADM3hY}",
  year = {2017}, 
  note = "[Online; accessed 22-May-2018]"
}
@misc{CelesteV2,
  author = {Julia Computing, Inc.},
  title = {Julia for Astronomy - Parallel Computing with Julia on NERSC Supercomputer Increases Speed of Image Analysis 225x – Julia Computing},
  howpublished = "\url{https://juliacomputing.com/press/2016/11/28/celeste.html}",
  year = {2016}, 
  note = "[Online; accessed 22-May-2018]"
}
@misc{SDSSWiki,
  author = {Wikipedia},
  title = {Sloan Digital Sky Survey – Wikipedia},
  howpublished = "\url{https://de.wikipedia.org/wiki/Sloan\_Digital\_Sky\_Survey}",
  year = {2018}, 
  note = "[Online; accessed 22-May-2018]"
}
@misc{APOWiki,
  author = {Wikipedia},
  title = {Apache-Point-Observatorium – Wikipedia},
  howpublished = "\url{https://de.wikipedia.org/wiki/Apache-Point-Observatorium}",
  year = {2018}, 
  note = "[Online; accessed 22-May-2018]"
}
@misc{SDSSIII,
  author = {Astronews.com},
  title = {SDSS III: Entfernte Galaxien genau vermessen},
  howpublished = "\url{http://www.astronews.com/news/artikel/2014/01/1401-013.shtml}",
  year = {2014}, 
  note = "[Online; accessed 22-May-2018]"
}
@misc{SDSSWebsite,
  author = {SDSS},
  title = {Imaging Data Overview | SDSS},
  howpublished = "\url{http://www.sdss.org/dr14/imaging/}",
  year = {2018}, 
  note = "[Online; accessed 22-May-2018]"
}
@misc{CelesteNextPlatform,
  author = {Rob Farber},
  title = {Julia Language Delivers Petascale HPC Performance},
  howpublished = "\url{https://www.nextplatform.com/2017/11/28/julia-language-delivers-petascale-hpc-performance/}",
  year = {2017}, 
  note = "[Online; accessed 22-May-2018]"
}
@misc{NominalTypSystemWiki,
  author = {Wikipedia},
  title = {Nominal type system - Wikipedia},
  howpublished = "\url{https://en.wikipedia.org/wiki/Nominal\_type\_system}",
  year = {2018}, 
  note = "[Online; accessed 22-May-2018]"
}
@misc{TypSystemWiki,
  author = {Wikipedia},
  title = {Type system - Wikipedia},
  howpublished = "\url{https://en.wikipedia.org/wiki/Type\_system}",
  year = {2018}, 
  note = "[Online; accessed 22-May-2018]"
}
@misc{JuliaLangIntro,
  author = {The Julia Language},
  title = {Introduction - The Julia Language},
  howpublished = "\url{https://docs.julialang.org/en/stable/manual/introduction/}",
  year = {2018}, 
  note = "[Online; accessed 22-May-2018]"
}
@misc{JuliaBasicHeise,
  author = {Simon Danisch},
  title = {Funktionsorientiert und schnell: Die Programmiersprache Julia},
  howpublished = "\url{https://www.heise.de/developer/artikel/Funktionsorientiert-und-schnell-Die-Programmiersprache-Julia-3793160.html?seite=all}",
  year = {2017}, 
  note = "[Online; accessed 23-May-2018]"
}
@misc{JuliaLangIntro,
  author = {Wikipedia},
  title = {Julia (Programmiersprache) - Wikipedia},
  howpublished = "\url{https://de.wikipedia.org/wiki/Julia_(Programmiersprache)}",
  year = {2018}, 
  note = "[Online; accessed 23-May-2018]"
}
@misc{JuliaLangTypes,
  author = {The Julia Language},
  title = {Types \- The Julia Language},
  howpublished = "\url{https://docs.julialang.org/en/stable/manual/types/}",
  year = {2018}, 
  note = "[Online; accessed 22-May-2018]"
}
@misc{WordpressJuliaOO,
  author = {thenewphalls},
  title = {Understanding object-oriented programming in Julia – Objects (part 1)},
  howpublished = "\url{https://thenewphalls.wordpress.com/2014/02/19/understanding-object-oriented-programming-in-julia-part-1/}",
  year = {2014}, 
  note = "[Online; accessed 22-May-2018]"
}
@misc{OOPStackoverflow,
  author = {Stackoverflow.com},
  title = {Julia - OOP or not},
  howpublished = "\url{https://stackoverflow.com/questions/33755737/julia-oop-or-not}",
  year = {2015}, 
  note = "[Online; accessed 22-May-2018]"
}
@misc{JuliaLangMethods,
  author = {The Julia Language},
  title = {Methods - The Julia Language},
  howpublished = "\url{https://docs.julialang.org/en/stable/manual/methods/}",
  year = {2018}, 
  note = "[Online; accessed 22-May-2018]"
}
@misc{MultiDispatchWiki,
  author = {Wikipedia},
  title = {Multiple Dispatch - Wikipedia},
  howpublished = "\url{https://en.wikipedia.org/wiki/Multiple\_dispatch}",
  year = {2018}, 
  note = "[Online; accessed 22-May-2018]"
}
@misc{JuliaDiscourseInheritance,
  author = {JuliaDiscourse},
  title = {Inheritance in Julia},
  howpublished = "\url{https://discourse.julialang.org/t/inheritance-in-julia/5416}",
  year = {2017}, 
  note = "[Online; accessed 22-May-2018]"
}
@misc{GoogleGroupInheritance,
  author = {Google group},
  title = {Inheritance in Julia},
  howpublished = "\url{https://groups.google.com/forum/#!topic/julia-dev/eA4VkFAD-yQ}",
  year = {2014}, 
  note = "[Online; accessed 22-May-2018]"
}
@misc{DiamondProblem,
  author = {Wikipedia},
  title = {Diamond-Problem - Wikipedia},
  howpublished = "\url{https://de.wikipedia.org/wiki/Diamond-Problem}",
  year = {2016}, 
  note = "[Online; accessed 22-May-2018]"
}
@misc{JuliaDiscourseWorkaround,
  author = {JuliaDiscourse},
  title = {Workaround for traditional inheritance features in object-oriented languages},
  howpublished = "\url{https://discourse.julialang.org/t/workaround-for-traditional-inheritance-features-in-object-oriented-languages/1195}",
  year = {2016}, 
  note = "[Online; accessed 22-May-2018]"
}
@misc{JuliaLangFunctions,
  author = {The Julia Language},
  title = {Functions - The Julia Language},
  howpublished = "\url{https://docs.julialang.org/en/stable/manual/functions/}",
  year = {2018}, 
  note = "[Online; accessed 22-May-2018]"
}
@misc{JuliaLangConvertion,
  author = {The Julia Language},
  title = {Conversion and Promotion - The Julia Language},
  howpublished = "\url{https://docs.julialang.org/en/stable/manual/conversion-and-promotion/}",
  year = {2018}, 
  note = "[Online; accessed 22-May-2018]"
}
@misc{JuliaLangMetaprogramming,
  author = {The Julia Language},
  title = {Metaprogramming - The Julia Language},
  howpublished = "\url{https://docs.julialang.org/en/stable/manual/metaprogramming/}",
  year = {2018}, 
  note = "[Online; accessed 23-May-2018]"
}
@misc{SyntaxTreeWiki,
  author = {Wikipedia},
  title = {Abstract syntax tree - Wikipedia},
  howpublished = "\url{https://en.wikipedia.org/wiki/Abstract_syntax_tree}",
  year = {2018}, 
  note = "[Online; accessed 23-May-2018]"
}
@misc{StringInteringWiki,
  author = {Wikipedia},
  title = {String interning - Wikipedia},
  howpublished = "\url{https://en.wikipedia.org/wiki/String_interning}",
  year = {2017}, 
  note = "[Online; accessed 23-May-2018]"
}
@misc{StringInteringStackoverflow,
  author = {Stackoverflow},
  title = {What is Java String interning?},
  howpublished = "\url{https://stackoverflow.com/questions/10578984/what-is-java-string-interning}",
  year = {2012}, 
  note = "[Online; accessed 23-May-2018]"
}
@misc{SymbolStackoverflow,
  author = {Stackoverflow},
  title = {What is a symbol in Julia?},
  howpublished = "\url{https://stackoverflow.com/questions/23480722/what-is-a-symbol-in-julia}",
  year = {2014}, 
  note = "[Online; accessed 23-May-2018]"
}
@misc{HomoiconicStackoverflow,
  author = {Stackoverflow},
  title = {In what sense are languages like Elixir and Julia homoiconic?},
  howpublished = "\url{https://stackoverflow.com/questions/31733766/in-what-sense-are-languages-like-elixir-and-julia-homoiconic}",
  year = {2015}, 
  note = "[Online; accessed 23-May-2018]"
}
@misc{CompilerYoutube,
  author = {The Julia Language},
  title = {JuliaCon 2017 | AoT or JIT: How Does Julia Work? | Jameson Nash},
  howpublished = "\url{https://www.youtube.com/watch?v=7KGZ_9D_DbI&t=978s}",
  year = {2017}, 
  note = "[Online; accessed 23-May-2018]"
}
@misc{StaticJuliaComputing,
  author = {Julia Computing},
  title = {Static and Ahead of Time (AOT) Compiled Julia},
  howpublished = "\url{https://juliacomputing.com/blog/2016/02/09/static-julia.html}",
  year = {2016}, 
  note = "[Online; accessed 23-May-2018]"
}
@misc{JuliaScriptingQuora,
  author = {Quora},
  title = {Is Julia a scripting language or native?},
  howpublished = "\url{https://www.quora.com/Is-Julia-a-scripting-language-or-native}",
  year = {2018}, 
  note = "[Online; accessed 23-May-2018]"
}
@misc{StackoverflowDynamically,
  author = {Stackoverflow},
  title = {Is Julia dynamically typed},
  howpublished = "\url{https://stackoverflow.com/questions/28078089/is-julia-dynamically-typed}",
  year = {2015}, 
  note = "[Online; accessed 28-May-2018]"
}
@misc{JuliaLangAST,
  author = {The Julia Language},
  title = {AST - The Julia Language},
  howpublished = "\url{https://docs.julialang.org/en/stable/devdocs/ast/}",
  year = {2018}, 
  note = "[Online; accessed 28-May-2018]"
}
@misc{JuliaLangParallelAccelerator,
  author = {Julia Lang},
  title = {An introduction to ParallelAccelerator.jl},
  howpublished = "\url{https://julialang.org/blog/2016/03/parallelaccelerator}",
  year = {2016}, 
  note = "[Online; accessed 28-May-2018]"
}

@misc{JuliaScriptingQuora,
  author = {Quora},
  title = {Is Julia a scripting language or native?},
  howpublished = "\url{https://www.quora.com/Is-Julia-a-scripting-language-or-native}",
  year = {2018}, 
  note = "[Online; accessed 28-May-2018]"
}

